
@techreport{RAVEN,
	Author = {C. Rabiti and A. Alfonsi and J. Cogliati and D. Mandelli and R. Kinoshita and S. Sen and C. Wang and J. Chen},
	Publisher = {Idaho National laboratory (INL)},
	Number = {INL/EXT-15-34123},
	Source = {https://raven.inl.gov},
	Title = {RAVEN user manual},
	Year = {March 2017}}
@techreport{RAVENtheoryMan,
	Author = {A. Alfonsi and C. Rabiti and D. Mandelli and J. Cogliati and C. Wang and P. W. Talbot and D. P. Maljovec and C. Smith},
	title = {RAVEN Theory Manual and User Guide},
	institution = {Idaho National Laboratory (INL)},
	booktitle = {INL/EXT-16-38178},
	year = {2017}}
@article{PrioritizingProjectSelection,
	author = { Ali   Ko√ß  and  David P.   Morton  and  Elmira   Popova  and  Stephen M.   Hess  and  Ernie   Kee  and  Drew   Richards },
	title = {Prioritizing Project Selection},
	journal = {The Engineering Economist},
	volume = {54},
	number = {4},
	pages = {267-297},
	year  = {2009},
	publisher = {Taylor & Francis},
	doi = {10.1080/00137910903338545},
	URL = {
	        https://doi.org/10.1080/00137910903338545
	},
	eprint = {
	        https://doi.org/10.1080/00137910903338545
	}
}

@article{OptCVaR,
  author = {R. T. Rockafellar and S. P. Uryasev},
  title = {Optimization of Conditional Value at Risk},
  journal = {Journal of Risk},
  volume = {2},
	pages = {21-42},
	year  = {2000}
}

@article{RemarksCVaR,
  author ={G. C. Pflug},
  title = {Some Remarks on the Value at Risk and the Conditional Value At Risk},
  journal = {in Probabilistic Constrained Optimization: Methodology and Applications},
	pages = {278-287},
	year  = {2000}
}

@article{ThinkingCoherently,
  author ={Artzner P. and Delbaen F. and Eber J. M. and Heath D.},
  title = {Thinking Coherently},
  journal = {Risk},
  volume = {10},
	pages = {68-71},
	year  = {1997}
}

@article{CoherentMeasureRisk,
  author ={Artzner P. and Delbaen F. and Eber J. M. and Heath D.},
  title = {Coherent Measures of Risk},
  journal = {Mathematical Finance},
  volume = {9},
	number = {3},
	pages = {203-228},
	year  = {1999}
}
